@article{Christopher_Kelty,
	author = {Kelty, Christopher},
	title = {The {Morris} {Worm}},
	abstract = {Christopher Kelty, UCLA The Morris worm was released in November of 1988. It was launched surreptitiously from an MIT computer by graduate student Robert Tappan Morris at Cornell University, and s…},
	journal = {Limn},
	month = dec,
	year = {2010},
	file = {Snapshot:/home/pvanevery/Zotero/storage/TJRQC9IS/the-morris-worm.html:text/html}
}

@article{spafford_crisis_1989,
	title = {Crisis and aftermath},
	volume = {32},
	number = {6},
	journal = {Communications of the ACM},
	author = {Spafford, Eugene H.},
	year = {1989},
	pages = {678--687},
	file = {p678-spafford.pdf:/home/pvanevery/Zotero/storage/Z8VN9REY/p678-spafford.pdf:application/pdf}
}

@article{eisenberg_cornell_1989,
	title = {The {Cornell} commission: on {Morris} and the worm},
	volume = {32},
	shorttitle = {The {Cornell} commission},
	number = {6},
	journal = {Communications of the ACM},
	author = {Eisenberg, Ted and Gries, David and Hartmanis, Juris and Holcomb, Don and Lynn, M. Stuart and Santoro, Thomas},
	year = {1989},
	pages = {706--709},
	file = {p706-eisenberg.pdf:/home/pvanevery/Zotero/storage/BLVJ45ME/p706-eisenberg.pdf:application/pdf}
}

@article{lee_how_2013,
	chapter = {The Switch},
	title = {How a grad student trying to build the first botnet brought the {Internet} to its knees},
	issn = {0190-8286},
	abstract = {It's been 25 years since Robert Morris created the first major Internet malware. This is his story.},
	language = {en-US},
	journal = {Washington Post},
	author = {Lee, Timothy B.},
	month = nov,
	year = {2013},
	file = {Snapshot:/home/pvanevery/Zotero/storage/J2UYQSHI/how-a-grad-student-trying-to-build-the-first-botnet-brought-the-internet-to-its-knees.html:text/html}
}

@article{marsan_morris_2008,
	title = {Morris worm turns 20: {Look} what it's done},
	shorttitle = {Morris worm turns 20},
	abstract = {The Internet will mark an infamous anniversary on Sunday, when the Morris worm turns 20.},
	journal = {Network World},
	author = {Marsan, Carolyn Duffy},
	month = oct,
	year = {2008}
}

@article{strawn_masterminds_2014,
	title = {Masterminds of the {Arpanet}},
	volume = {16},
	number = {3},
	journal = {IT Professional},
	author = {Strawn, George},
	year = {2014},
	pages = {66--68},
	file = {06824521.pdf:/home/pvanevery/Zotero/storage/INXBEU66/06824521.pdf:application/pdf}
}

@article{spafford_internet_1989,
	title = {The {Internet} worm program: {An} analysis},
	volume = {19},
	shorttitle = {The {Internet} worm program},
	number = {1},
	journal = {ACM SIGCOMM Computer Communication Review},
	author = {Spafford, Eugene H.},
	year = {1989},
	pages = {17--57},
	file = {p17-spafford.pdf:/home/pvanevery/Zotero/storage/5JYYIJX5/p17-spafford.pdf:application/pdf}
}

@inproceedings{seeley_tour_1989,
	title = {A {Tour} of the {Worm}},
	booktitle = {Proceedings of 1989 {Winter} {USENIX} {Conference}, {Usenix} {Association}, {San} {Diego}, {CA}, {February}},
	author = {Seeley, Donn},
	year = {1989},
	file = {seely.pdf:/home/pvanevery/Zotero/storage/42MNBJK5/seely.pdf:application/pdf}
}

@inproceedings{eichin_microscope_1989,
	title = {With microscope and tweezers: {An} analysis of the internet virus of november 1988},
	shorttitle = {With microscope and tweezers},
	booktitle = {Security and {Privacy}, 1989. {Proceedings}., 1989 {IEEE} {Symposium} on},
	publisher = {IEEE},
	author = {Eichin, Mark W. and Rochlis, Jon A.},
	year = {1989},
	pages = {326--343},
	file = {00036307.pdf:/home/pvanevery/Zotero/storage/E95S6FMW/00036307.pdf:application/pdf}
}

@article{hinden_darpa_1983,
	title = {The {DARPA} {Internet}: {Interconnecting} {Heterogeneous} {Computer} {Networks} with {Gateways}},
	volume = {16},
	issn = {0018-9162},
	shorttitle = {The {DARPA} {Internet}},
	doi = {10.1109/MC.1983.1654494},
	abstract = {Not Available},
	number = {9},
	journal = {Computer},
	author = {Hinden, R. and Haverty, J. and Sheltzer, A.},
	month = sep,
	year = {1983},
	keywords = {Internet, Coaxial cables, Computer networks, Continents, Integrated circuit interconnections, IP networks, LAN interconnection, Lifting equipment, Oceans, Routing},
	pages = {38--48},
	file = {01654494.pdf:/home/pvanevery/Zotero/storage/X5AM8UW5/01654494.pdf:application/pdf;IEEE Xplore Abstract Record:/home/pvanevery/Zotero/storage/F2CQ7UDA/1654494.html:text/html}
}

@article{gardner_internet_1989,
	title = {The internet worm: {What} was said and when},
	volume = {8},
	issn = {0167-4048},
	shorttitle = {The internet worm},
	doi = {10.1016/0167-4048(89)90092-8},
	abstract = {This paper addresses the subject of information flow and availability during the Internet Worm incident of November 1988. Entries are extracted and summarized from the Risks Forum and Virus\_L mail, and selected newspaper articles during the period November 2–11, 1988.},
	number = {4},
	journal = {Computers \& Security},
	author = {Gardner, Phillip E.},
	month = jun,
	year = {1989},
	pages = {305--316},
	file = {ScienceDirect Full Text PDF:/home/pvanevery/Zotero/storage/R2JE9RFX/Gardner - 1989 - The internet worm What was said and when.pdf:application/pdf;ScienceDirect Snapshot:/home/pvanevery/Zotero/storage/V66DASUL/0167404889900928.html:text/html;The Internet Worm\: What Was Said and When.pdf:/home/pvanevery/Zotero/storage/597KSTJ9/1-s2.0-0167404889900928-main.pdf:application/pdf}
}

@inproceedings{spafford_internet_1989-1,
	title = {The internet worm incident},
	booktitle = {European {Software} {Engineering} {Conference}},
	publisher = {Springer},
	author = {Spafford, Eugene H.},
	year = {1989},
	pages = {446--468},
	file = {10.10073-540-51635-2_54.pdf:/home/pvanevery/Zotero/storage/87CEASPJ/10.10073-540-51635-2_54.pdf:application/pdf}
}

@article{fithen_cert_1994,
	title = {{CERT} incident response and the {Internet}},
	volume = {37},
	number = {8},
	journal = {Communications of the ACM},
	author = {Fithen, Katherine and Fraser, Barbara},
	year = {1994},
	pages = {108--113},
	file = {p108-fithen.pdf:/home/pvanevery/Zotero/storage/EVPH25VF/p108-fithen.pdf:application/pdf}
}

@article{fisher_living_2002,
	title = {{LIVING} {WITH} {WORMS}, {VIRUSES} {AND} {DAILY} {SECURITY} {ALERTS}. (cover story)},
	volume = {19},
	issn = {15306283},
	abstract = {Reports on the advances in security technology on the Internet in the United States.  Effects of Morris' Internet Worm on computers connected to Internet; Installation of intrusion detection system; Availability of military-grade encryption products.},
	number = {6},
	journal = {eWeek},
	author = {Fisher, Dennis},
	month = feb,
	year = {2002},
	keywords = {COMPUTER security, INTERNET, UNITED States},
	pages = {20},
	file = {ContentServer.pdf:/home/pvanevery/Zotero/storage/ADWNFC9E/ContentServer.pdf:application/pdf;EBSCO Full Text:/home/pvanevery/Zotero/storage/PNJL2CC7/Fisher - 2002 - LIVING WITH WORMS, VIRUSES AND DAILY SECURITY ALER.pdf:application/pdf}
}

@article{berghel_code_2001,
	title = {The code red worm},
	volume = {44},
	number = {12},
	journal = {Communications of the ACM},
	author = {Berghel, Hal},
	year = {2001},
	pages = {15--19},
	file = {p15-berghel.pdf:/home/pvanevery/Zotero/storage/U98AKXGZ/p15-berghel.pdf:application/pdf}
}